@article{barabasi1999emergence,
  title={Emergence of scaling in random networks},
  author={Barab{\'a}si, Albert-L{\'a}szl{\'o} and Albert, R{\'e}ka},
  journal={science},
  volume={286},
  number={5439},
  pages={509--512},
  year={1999},
  publisher={American Association for the Advancement of Science}
}

@article{stevens_2020,
  title={Why outbreaks like coronavirus spread exponentially, and how to “flatten the curve”},
  url={https://www.washingtonpost.com/graphics/ 2020/world/corona-simulator/},
  journal={Washington Post},
  author={Stevens, Harry},
  year={2020},
  month={Mar}
}

@article{kermack1927contribution,
  title={A contribution to the mathematical theory of epidemics},
  author={Kermack, William Ogilvy and McKendrick, Anderson G},
  journal={Proceedings of the royal society of london. Series A, Containing papers of a mathematical and physical character},
  volume={115},
  number={772},
  pages={700--721},
  year={1927},
  publisher={The Royal Society London}
}